<record><leader>00000cas a2200000Ma 4500</leader><controlfield tag="001">10829667</controlfield><controlfield tag="008">840611d1842184umauwr ne      0    0eng d</controlfield><datafield ind1=" " ind2=" " tag="010"><subfield code="a">sn 84023341 </subfield></datafield><datafield ind1=" " ind2=" " tag="040"><subfield code="a">AQM</subfield><subfield code="b">eng</subfield><subfield code="c">AQM</subfield><subfield code="d">OCLCQ</subfield></datafield><datafield ind1="0" ind2="0" tag="245"><subfield code="a">Franklin mechanic.</subfield></datafield><datafield ind1=" " ind2=" " tag="260"><subfield code="a">Boston [Mass.] :</subfield><subfield code="b">John Sale,</subfield><subfield code="c">1842-</subfield></datafield><datafield ind1=" " ind2=" " tag="300"><subfield code="a">v.</subfield></datafield><datafield ind1=" " ind2=" " tag="310"><subfield code="a">Weekly</subfield></datafield><datafield ind1="0" ind2=" " tag="362"><subfield code="a">Vol. 1, no. 1 (Feb. 5, 1842)-</subfield></datafield><datafield ind1=" " ind2=" " tag="500"><subfield code="a">Editor: S. Rowland Hart, &lt;1842&gt;.</subfield></datafield><datafield ind1=" " ind2="4" tag="655"><subfield code="a">Mechanics' newspapers.</subfield></datafield><datafield ind1="1" ind2=" " tag="700"><subfield code="a">Hart, S. Rowland.</subfield></datafield><datafield ind1=" " ind2=" " tag="752"><subfield code="a">United States</subfield><subfield code="b">Massachusetts</subfield><subfield code="c">Suffolk</subfield><subfield code="d">Boston.</subfield></datafield></record>